<?xml version="1.0" encoding="UTF-8"?><record xmlns="http://www.loc.gov/MARC21/slim" xmlns:cinclude="http://apache.org/cocoon/include/1.0" xmlns:zs="http://www.loc.gov/zing/srw/">
  <leader>00605nz  a2200121n  4500</leader>
  <controlfield tag="001">n 2005038479</controlfield>
  <controlfield tag="003">DLC</controlfield>
  <controlfield tag="005">20050525105129.0</controlfield>
  <controlfield tag="008">050525n| acannaabn          |n ana      </controlfield>
  <datafield tag="010" ind1=" " ind2=" ">
    <subfield code="a">n 2005038479</subfield>
  </datafield>
  <datafield tag="040" ind1=" " ind2=" ">
    <subfield code="a">DLC</subfield>
    <subfield code="b">eng</subfield>
    <subfield code="c">DLC</subfield>
  </datafield>
  <datafield tag="110" ind1="2" ind2=" ">
    <subfield code="a">Markaz Dirāsāt al-Khalīj wa-al-Jazīrah al-ʻArabīyah.</subfield>
    <subfield code="b">Waḥdat al-Buḥūth wa-al-Nashr al-ʻIlmī</subfield>
  </datafield>
  <datafield tag="670" ind1=" " ind2=" ">
    <subfield code="a">Wathāʼiq mukhtārah li-minṭaqat al-Khalīj wa-al-Jazīrah al-ʻArabīyah wa-jiwārihā al-jughrāfī, 2003:</subfield>
    <subfield code="b">t.p. (Waḥdat al-Buḥūth wa-al-Nashr al-ʻIlmī bi-al-Markaz; Markaz Dirāsāt al-Khalīj wa-al-Jazīrah al-ʻArabīyah)</subfield>
  </datafield>
</record>